<?xml version="1.0" encoding="UTF-8"?>
<!DOCTYPE html PUBLIC "-//W3C//DTD XHTML 1.0 Transitional//EN"
    "http://www.w3.org/TR/xhtml1/DTD/xhtml1-transitional.dtd">
<html xmlns="http://www.w3.org/1999/xhtml" xml:lang="en" lang="en">
 <head>
  <title>
</title>
<meta http-equiv="Content-Type" content="text/html;charset=utf-8" />
  <meta name='ocr-system' content='tesseract 3.04.00' />
  <meta name='ocr-capabilities' content='ocr_page ocr_carea ocr_par ocr_line ocrx_word'/>
</head>
<body>
  <div class='ocr_page' id='page_1' title='image "./historiaregumhu00praygoog/historiaregumhu00praygoog_0287.png"; bbox 0 0 3142 5075; ppageno 0'>
   <div class='ocr_carea' id='block_1_1' title="bbox 381 375 1214 566">
    <p class='ocr_par' dir='ltr' id='par_1_1' title="bbox 381 375 1214 566">
     <span class='ocr_line' id='line_1_1' title="bbox 381 375 1214 566; baseline 0.005 -21"><span class='ocrx_word' id='word_1_1' title='bbox 381 477 579 566; x_wconf 28' lang='lat' dir='ltr'><strong>‘aad</strong></span> <span class='ocrx_word' id='word_1_2' title='bbox 699 375 1214 550; x_wconf 73' lang='lat' dir='ltr'><strong>iussurus</strong></span> 
     </span>
    </p>
   </div>
   <div class='ocr_carea' id='block_1_2' title="bbox 107 639 1484 4189">
    <p class='ocr_par' dir='ltr' id='par_1_2' title="bbox 219 639 1454 1000">
     <span class='ocr_line' id='line_1_2' title="bbox 219 639 1454 776; baseline 0.007 -42.007"><span class='ocrx_word' id='word_1_3' title='bbox 219 652 773 763; x_wconf 39' lang='lat' dir='ltr'><strong>&amp;exspectationem</strong></span> <span class='ocrx_word' id='word_1_4' title='bbox 813 659 996 776; x_wconf 77' lang='lat' dir='ltr'><strong>Legatos</strong></span> <span class='ocrx_word' id='word_1_5' title='bbox 1035 687 1139 738; x_wconf 88' lang='lat' dir='ltr'><strong>anno</strong></span> <span class='ocrx_word' id='word_1_6' title='bbox 1165 639 1362 766; x_wconf 84' lang='lat' dir='ltr'><strong>primum</strong></span> <span class='ocrx_word' id='word_1_7' title='bbox 1401 662 1454 742; x_wconf 79' lang='lat' dir='ltr'><strong>se·</strong></span> 
     </span>
     <span class='ocr_line' id='line_1_3' title="bbox 281 769 1452 881; baseline 0.003 -28"><span class='ocrx_word' id='word_1_8' title='bbox 281 773 385 875; x_wconf 76' lang='lat'><strong>1438</strong></span> <span class='ocrx_word' id='word_1_9' title='bbox 430 800 575 881; x_wconf 91' lang='lat' dir='ltr'><strong>quente</strong></span> <span class='ocrx_word' id='word_1_10' title='bbox 607 777 815 856; x_wconf 82' lang='lat' dir='ltr'><strong>affuturos</strong></span> <span class='ocrx_word' id='word_1_11' title='bbox 833 769 1049 870; x_wconf 84' lang='lat' dir='ltr'><strong>intellexit</strong></span> <span class='ocrx_word' id='word_1_12' title='bbox 1103 783 1318 860; x_wconf 83' lang='lat' dir='ltr'><strong>M&#39;olellum</strong></span> <span class='ocrx_word' id='word_1_13' title='bbox 1349 785 1452 860; x_wconf 84' lang='lat' dir='ltr'><strong>ider</strong></span> 
     </span>
     <span class='ocr_line' id='line_1_4' title="bbox 428 898 1453 1000; baseline -0.001 -23"><span class='ocrx_word' id='word_1_14' title='bbox 428 917 536 999; x_wconf 88' lang='lat' dir='ltr'><strong>erat,</strong></span> <span class='ocrx_word' id='word_1_15' title='bbox 570 904 658 997; x_wconf 91' lang='lat' dir='ltr'><strong>qui,</strong></span> <span class='ocrx_word' id='word_1_16' title='bbox 684 898 856 1000; x_wconf 81' lang='lat' dir='ltr'><strong>compos</strong></span> <span class='ocrx_word' id='word_1_17' title='bbox 862 917 903 974; x_wconf 90' lang='lat' dir='ltr'><strong>ta</strong></span> <span class='ocrx_word' id='word_1_18' title='bbox 933 925 1023 976; x_wconf 86' lang='lat' dir='ltr'><strong>cum</strong></span> <span class='ocrx_word' id='word_1_19' title='bbox 1055 903 1218 980; x_wconf 86' lang='lat' dir='ltr'><strong>Polonis</strong></span> <span class='ocrx_word' id='word_1_20' title='bbox 1249 906 1358 998; x_wconf 86' lang='lat' dir='ltr'><strong>lite,</strong></span> <span class='ocrx_word' id='word_1_21' title='bbox 1390 926 1453 976; x_wconf 90' lang='lat' dir='ltr'><strong>cu·</strong></span> 
     </span>
    </p>

    <p class='ocr_par' dir='ltr' id='par_1_3' title="bbox 427 1016 1451 1122">
     <span class='ocr_line' id='line_1_5' title="bbox 427 1016 1451 1122; baseline -0.002 -27"><span class='ocrx_word' id='word_1_22' title='bbox 427 1046 531 1118; x_wconf 87' lang='lat' dir='ltr'><strong>ras,</strong></span> <span class='ocrx_word' id='word_1_23' title='bbox 568 1016 608 1093; x_wconf 87' lang='lat'>&amp;</span> <span class='ocrx_word' id='word_1_24' title='bbox 646 1021 753 1092; x_wconf 88' lang='lat' dir='ltr'><strong>vires</strong></span> <span class='ocrx_word' id='word_1_25' title='bbox 792 1041 931 1092; x_wconf 85' lang='lat' dir='ltr'><strong>omnes</strong></span> <span class='ocrx_word' id='word_1_26' title='bbox 953 1022 995 1091; x_wconf 91' lang='lat' dir='ltr'><strong>in</strong></span> <span class='ocrx_word' id='word_1_27' title='bbox 1029 1019 1209 1113; x_wconf 73' lang='lat' dir='ltr'><strong>Turcas‚</strong></span> <span class='ocrx_word' id='word_1_28' title='bbox 1235 1023 1308 1122; x_wconf 91' lang='lat' dir='ltr'><strong>qui</strong></span> <span class='ocrx_word' id='word_1_29' title='bbox 1336 1021 1451 1094; x_wconf 89' lang='lat' dir='ltr'><strong>ditio·</strong></span> 
     </span>
    </p>

    <p class='ocr_par' dir='ltr' id='par_1_4' title="bbox 152 1135 1484 1359">
     <span class='ocr_line' id='line_1_6' title="bbox 152 1135 1451 1240; baseline -0.002 -26"><span class='ocrx_word' id='word_1_30' title='bbox 152 1136 155 1143; x_wconf 75' lang='grc'>’</span> <span class='ocrx_word' id='word_1_31' title='bbox 271 1160 275 1167; x_wconf 91' lang='grc'><strong><em>·</em></strong></span> <span class='ocrx_word' id='word_1_32' title='bbox 309 1217 312 1224; x_wconf 74' lang='grc'><em>,</em></span> <span class='ocrx_word' id='word_1_33' title='bbox 427 1163 503 1214; x_wconf 87' lang='lat' dir='ltr'><strong>nes</strong></span> <span class='ocrx_word' id='word_1_34' title='bbox 521 1137 674 1237; x_wconf 87' lang='lat' dir='ltr'><strong>juribus</strong></span> <span class='ocrx_word' id='word_1_35' title='bbox 693 1135 911 1240; x_wconf 83' lang='lat' dir='ltr'><strong>Hungariae</strong></span> <span class='ocrx_word' id='word_1_36' title='bbox 944 1135 1165 1232; x_wconf 78' lang='lat' dir='ltr'><strong>obnoxias,</strong></span> <span class='ocrx_word' id='word_1_37' title='bbox 1190 1141 1229 1212; x_wconf 93' lang='lat' dir='ltr'><strong>in</strong></span> <span class='ocrx_word' id='word_1_38' title='bbox 1254 1141 1346 1213; x_wconf 84' lang='lat' dir='ltr'><strong>dies</strong></span> <span class='ocrx_word' id='word_1_39' title='bbox 1370 1162 1451 1212; x_wconf 90' lang='lat' dir='ltr'><strong>ma·</strong></span> 
     </span>
     <span class='ocr_line' id='line_1_7' title="bbox 352 1253 1484 1359; baseline 0.002 -30"><span class='ocrx_word' id='word_1_40' title='bbox 352 1313 357 1322; x_wconf 74' lang='grc'><em>,</em></span> <span class='ocrx_word' id='word_1_41' title='bbox 428 1261 490 1359; x_wconf 84' lang='lat' dir='ltr'><strong>gis</strong></span> <span class='ocrx_word' id='word_1_42' title='bbox 511 1259 723 1356; x_wconf 80' lang='lat' dir='ltr'><strong>magisque</strong></span> <span class='ocrx_word' id='word_1_43' title='bbox 748 1253 986 1355; x_wconf 70' lang='lat' dir='ltr'><strong>carpebant,</strong></span> <span class='ocrx_word' id='word_1_44' title='bbox 1004 1270 1238 1335; x_wconf 86' lang='lat' dir='ltr'><strong>convertere</strong></span> <span class='ocrx_word' id='word_1_45' title='bbox 1257 1253 1451 1358; x_wconf 83' lang='lat' dir='ltr'><strong>cupiebat.</strong></span> <span class='ocrx_word' id='word_1_46' title='bbox 1483 1255 1484 1260; x_wconf 69' lang='grc'>’</span> 
     </span>
    </p>

    <p class='ocr_par' dir='ltr' id='par_1_5' title="bbox 369 1368 1448 1474">
     <span class='ocr_line' id='line_1_8' title="bbox 369 1368 1448 1474; baseline 0.002 -25"><span class='ocrx_word' id='word_1_47' title='bbox 369 1368 371 1372; x_wconf 6' lang='grc' dir='ltr'>ὗ</span> <span class='ocrx_word' id='word_1_48' title='bbox 414 1374 611 1458; x_wconf 49' lang='lat' dir='ltr'><strong>¹Accessit</strong></span> <span class='ocrx_word' id='word_1_49' title='bbox 632 1398 729 1457; x_wconf 84' lang='lat' dir='ltr'><strong>mox</strong></span> <span class='ocrx_word' id='word_1_50' title='bbox 753 1374 835 1447; x_wconf 88' lang='lat' dir='ltr'><strong>alia</strong></span> <span class='ocrx_word' id='word_1_51' title='bbox 857 1397 935 1446; x_wconf 92' lang='lat' dir='ltr'><strong>non</strong></span> <span class='ocrx_word' id='word_1_52' title='bbox 962 1375 1096 1446; x_wconf 88' lang='lat' dir='ltr'><strong>minor</strong></span> <span class='ocrx_word' id='word_1_53' title='bbox 1115 1375 1293 1450; x_wconf 86' lang='lat' dir='ltr'><strong>molestia</strong></span> <span class='ocrx_word' id='word_1_54' title='bbox 1306 1429 1320 1465; x_wconf 86' lang='lat'>,</span> <span class='ocrx_word' id='word_1_55' title='bbox 1348 1375 1448 1474; x_wconf 89' lang='lat' dir='ltr'><strong>quod</strong></span> 
     </span>
    </p>

    <p class='ocr_par' dir='ltr' id='par_1_6' title="bbox 426 1471 1448 1591">
     <span class='ocr_line' id='line_1_9' title="bbox 426 1471 1448 1591; baseline 0.003 -24"><span class='ocrx_word' id='word_1_56' title='bbox 426 1491 592 1568; x_wconf 87' lang='lat' dir='ltr'><strong>Ulticus</strong></span> <span class='ocrx_word' id='word_1_57' title='bbox 619 1481 863 1587; x_wconf 80' lang='lat' dir='ltr'><strong>cilejenfis,</strong></span> <span class='ocrx_word' id='word_1_58' title='bbox 892 1513 1034 1591; x_wconf 89' lang='lat' dir='ltr'><strong>quem</strong></span> <span class='ocrx_word' id='word_1_59' title='bbox 1049 1471 1259 1568; x_wconf 73' lang='lat' dir='ltr'><strong>liohemiae</strong></span> <span class='ocrx_word' id='word_1_60' title='bbox 1297 1496 1448 1570; x_wconf 87' lang='lat' dir='ltr'><strong>vicaria</strong></span> 
     </span>
    </p>

    <p class='ocr_par' dir='ltr' id='par_1_7' title="bbox 353 1589 1448 1834">
     <span class='ocr_line' id='line_1_10' title="bbox 353 1589 1448 1722; baseline 0.009 -39"><span class='ocrx_word' id='word_1_61' title='bbox 353 1669 360 1683; x_wconf 87' lang='lat'>.</span> <span class='ocrx_word' id='word_1_62' title='bbox 426 1589 622 1712; x_wconf 80' lang='lat' dir='ltr'><strong>potestate</strong></span> <span class='ocrx_word' id='word_1_63' title='bbox 656 1610 928 1721; x_wconf 64' lang='lat' dir='ltr'><strong>praefecerat,</strong></span> <span class='ocrx_word' id='word_1_64' title='bbox 965 1611 1065 1686; x_wconf 92' lang='lat' dir='ltr'><strong>inito</strong></span> <span class='ocrx_word' id='word_1_65' title='bbox 1105 1637 1194 1688; x_wconf 89' lang='lat' dir='ltr'><strong>cum</strong></span> <span class='ocrx_word' id='word_1_66' title='bbox 1239 1607 1448 1722; x_wconf 78' lang='lat' dir='ltr'><strong>Calixtinis</strong></span> 
     </span>
     <span class='ocr_line' id='line_1_11' title="bbox 427 1711 1446 1834; baseline 0.003 -26"><span class='ocrx_word' id='word_1_67' title='bbox 427 1730 609 1825; x_wconf 76' lang='lat' dir='ltr'><strong>¹consilio,</strong></span> <span class='ocrx_word' id='word_1_68' title='bbox 624 1750 799 1834; x_wconf 89' lang='lat' dir='ltr'><strong>regnum</strong></span> <span class='ocrx_word' id='word_1_69' title='bbox 821 1729 941 1818; x_wconf 80' lang='lat' dir='ltr'><strong>tibin</strong></span> <span class='ocrx_word' id='word_1_70' title='bbox 919 1731 1105 1831; x_wconf 86' lang='lat' dir='ltr'><strong>usurpare</strong></span> <span class='ocrx_word' id='word_1_71' title='bbox 1126 1738 1335 1834; x_wconf 82' lang='lat' dir='ltr'><strong>cogitaret</strong></span> <span class='ocrx_word' id='word_1_72' title='bbox 1387 1711 1446 1811; x_wconf 83' lang='lat' dir='ltr'><strong>Re</strong></span> 
     </span>
    </p>

    <p class='ocr_par' dir='ltr' id='par_1_8' title="bbox 424 1847 1484 2078">
     <span class='ocr_line' id='line_1_12' title="bbox 424 1847 1446 1954; baseline -0.002 -24"><span class='ocrx_word' id='word_1_73' title='bbox 424 1867 562 1930; x_wconf 82' lang='lat' dir='ltr'><strong>tamen</strong></span> <span class='ocrx_word' id='word_1_74' title='bbox 588 1858 708 1928; x_wconf 85' lang='lat' dir='ltr'><strong>certis</strong></span> <span class='ocrx_word' id='word_1_75' title='bbox 739 1853 899 1928; x_wconf 87' lang='lat' dir='ltr'><strong>indiciis</strong></span> <span class='ocrx_word' id='word_1_76' title='bbox 931 1847 1090 1927; x_wconf 85' lang='lat' dir='ltr'><strong>&#39;mature</strong></span> <span class='ocrx_word' id='word_1_77' title='bbox 1121 1873 1356 1954; x_wconf 80' lang='lat' dir='ltr'><strong>comperta,</strong></span> <span class='ocrx_word' id='word_1_78' title='bbox 1382 1859 1446 1930; x_wconf 86' lang='lat' dir='ltr'><strong>ho-</strong></span> 
     </span>
     <span class='ocr_line' id='line_1_13' title="bbox 425 1971 1484 2078; baseline -0.005 -27"><span class='ocrx_word' id='word_1_79' title='bbox 425 1978 527 2051; x_wconf 89' lang='lat' dir='ltr'><strong>mini</strong></span> <span class='ocrx_word' id='word_1_80' title='bbox 562 1971 723 2078; x_wconf 74' lang='lat' dir='ltr'><strong>ingrato</strong></span> <span class='ocrx_word' id='word_1_81' title='bbox 754 1975 930 2071; x_wconf 86' lang='lat' dir='ltr'><strong>primum</strong></span> <span class='ocrx_word' id='word_1_82' title='bbox 960 1995 1098 2046; x_wconf 89' lang='lat' dir='ltr'><strong>curam</strong></span> <span class='ocrx_word' id='word_1_83' title='bbox 1125 1975 1330 2071; x_wconf 87' lang='lat' dir='ltr'><strong>regiorum</strong></span> <span class='ocrx_word' id='word_1_84' title='bbox 1358 1998 1447 2074; x_wconf 86' lang='lat' dir='ltr'><strong>pro·</strong></span> <span class='ocrx_word' id='word_1_85' title='bbox 1479 2025 1484 2046; x_wconf 87' lang='lat'><em>.</em></span> 
     </span>
    </p>

    <p class='ocr_par' dir='ltr' id='par_1_9' title="bbox 424 2089 1445 2192">
     <span class='ocr_line' id='line_1_14' title="bbox 424 2089 1445 2192; baseline -0.002 -25"><span class='ocrx_word' id='word_1_86' title='bbox 424 2106 638 2185; x_wconf 62' lang='lat' dir='ltr'><strong>reatuum,</strong></span> <span class='ocrx_word' id='word_1_87' title='bbox 662 2115 715 2165; x_wconf 90' lang='lat' dir='ltr'><strong>ne</strong></span> <span class='ocrx_word' id='word_1_88' title='bbox 732 2089 795 2164; x_wconf 87' lang='lat' dir='ltr'><strong>his</strong></span> <span class='ocrx_word' id='word_1_89' title='bbox 817 2089 868 2164; x_wconf 88' lang='lat' dir='ltr'><strong>ad</strong></span> <span class='ocrx_word' id='word_1_90' title='bbox 888 2089 1149 2186; x_wconf 81' lang='lat' dir='ltr'><strong>tyrannidem</strong></span> <span class='ocrx_word' id='word_1_91' title='bbox 1175 2091 1445 2192; x_wconf 75' lang='lat' dir='ltr'><strong>arripiendam</strong></span> 
     </span>
    </p>

    <p class='ocr_par' dir='ltr' id='par_1_10' title="bbox 275 2205 1481 2549">
     <span class='ocr_line' id='line_1_15' title="bbox 275 2205 1446 2309; baseline -0.004 -24"><span class='ocrx_word' id='word_1_92' title='bbox 275 2264 277 2273; x_wconf 73' lang='grc'>.</span> <span class='ocrx_word' id='word_1_93' title='bbox 374 2217 378 2222; x_wconf 84' lang='grc'><strong>’</strong></span> <span class='ocrx_word' id='word_1_94' title='bbox 426 2209 818 2309; x_wconf 33' lang='grc' dir='ltr'>ιιιειεῑιιιὴεάειιιίι,</span> <span class='ocrx_word' id='word_1_95' title='bbox 844 2205 980 2306; x_wconf 82' lang='lat' dir='ltr'><strong>postea</strong></span> <span class='ocrx_word' id='word_1_96' title='bbox 1000 2207 1160 2306; x_wconf 86' lang='lat' dir='ltr'><strong>penitus</strong></span> <span class='ocrx_word' id='word_1_97' title='bbox 1190 2221 1446 2292; x_wconf 84' lang='lat' dir='ltr'><strong>exauctorato</strong></span> 
     </span>
     <span class='ocr_line' id='line_1_16' title="bbox 426 2315 1450 2432; baseline 0.001 -30"><span class='ocrx_word' id='word_1_98' title='bbox 426 2315 774 2432; x_wconf 72' lang='lat' dir='ltr'><strong>R&#39;osenbergiuni,</strong></span> <span class='ocrx_word' id='word_1_99' title='bbox 813 2325 850 2404; x_wconf 77' lang='grc' dir='ltr'><strong>δι</strong></span> <span class='ocrx_word' id='word_1_100' title='bbox 884 2323 1192 2426; x_wconf 84' lang='lat' dir='ltr'><strong>Maynhardum</strong></span> <span class='ocrx_word' id='word_1_101' title='bbox 1233 2327 1284 2401; x_wconf 89' lang='lat' dir='ltr'><strong>de</strong></span> <span class='ocrx_word' id='word_1_102' title='bbox 1316 2325 1450 2406; x_wconf 82' lang='lat' dir='ltr'><strong>Nova·</strong></span> 
     </span>
     <span class='ocr_line' id='line_1_17' title="bbox 395 2435 1481 2549; baseline 0 -22"><span class='ocrx_word' id='word_1_103' title='bbox 395 2469 400 2492; x_wconf 85' lang='lat'><strong>¹</strong></span> <span class='ocrx_word' id='word_1_104' title='bbox 428 2435 574 2533; x_wconf 66' lang='lat' dir='ltr'><strong>domu,</strong></span> <span class='ocrx_word' id='word_1_105' title='bbox 599 2472 769 2548; x_wconf 87' lang='lat' dir='ltr'><strong>quorum</strong></span> <span class='ocrx_word' id='word_1_106' title='bbox 805 2449 904 2524; x_wconf 84' lang='lat' dir='ltr'><strong>fides</strong></span> <span class='ocrx_word' id='word_1_107' title='bbox 932 2449 1154 2549; x_wconf 10' lang='lat' dir='ltr'><strong>eiucognita</strong></span> <span class='ocrx_word' id='word_1_108' title='bbox 1187 2462 1301 2539; x_wconf 87' lang='lat' dir='ltr'><strong>erat,</strong></span> <span class='ocrx_word' id='word_1_109' title='bbox 1324 2449 1447 2526; x_wconf 88' lang='lat' dir='ltr'><strong>subro-</strong></span> <span class='ocrx_word' id='word_1_110' title='bbox 1476 2448 1481 2454; x_wconf 72' lang='grc'><strong>’</strong></span> 
     </span>
    </p>

    <p class='ocr_par' dir='ltr' id='par_1_11' title="bbox 428 2562 1449 2668">
     <span class='ocr_line' id='line_1_18' title="bbox 428 2562 1449 2668; baseline -0.009 -20"><span class='ocrx_word' id='word_1_111' title='bbox 428 2573 552 2668; x_wconf 77' lang='lat' dir='ltr'><strong>gavit.</strong></span> <span class='ocrx_word' id='word_1_112' title='bbox 617 2569 756 2646; x_wconf 87' lang='lat' dir='ltr'><strong>Ulrico</strong></span> <span class='ocrx_word' id='word_1_113' title='bbox 798 2572 838 2643; x_wconf 91' lang='lat' dir='ltr'><strong>in</strong></span> <span class='ocrx_word' id='word_1_114' title='bbox 882 2562 1065 2643; x_wconf 88' lang='lat' dir='ltr'><strong>ordinem</strong></span> <span class='ocrx_word' id='word_1_115' title='bbox 1112 2569 1315 2662; x_wconf 89' lang='lat' dir='ltr'><strong>redacto,</strong></span> <span class='ocrx_word' id='word_1_116' title='bbox 1363 2593 1449 2645; x_wconf 86' lang='lat' dir='ltr'><strong>cue.</strong></span> 
     </span>
    </p>

    <p class='ocr_par' dir='ltr' id='par_1_12' title="bbox 410 2674 1482 3026">
     <span class='ocr_line' id='line_1_19' title="bbox 425 2674 1451 2788; baseline 0.002 -27"><span class='ocrx_word' id='word_1_117' title='bbox 425 2698 541 2787; x_wconf 83' lang='lat' dir='ltr'><strong>&#39;ptam</strong></span> <span class='ocrx_word' id='word_1_118' title='bbox 587 2711 699 2761; x_wconf 85' lang='lat' dir='ltr'><strong>cum-</strong></span> <span class='ocrx_word' id='word_1_119' title='bbox 728 2686 965 2770; x_wconf 84' lang='lat' dir='ltr'><strong>Wladislao¹</strong></span> <span class='ocrx_word' id='word_1_120' title='bbox 991 2674 1105 2784; x_wconf 81' lang='lat' dir='ltr'><strong>pacis</strong></span> <span class='ocrx_word' id='word_1_121' title='bbox 1145 2692 1451 2788; x_wconf 83' lang='lat' dir='ltr'><strong>tractationem,</strong></span> 
     </span>
     <span class='ocr_line' id='line_1_20' title="bbox 410 2802 1448 2912; baseline 0.008 -38"><span class='ocrx_word' id='word_1_122' title='bbox 410 2802 963 2903; x_wconf 44' lang='lat' dir='ltr'><strong>·quam&#39;Pontifex,‘scriptis</strong></span> <span class='ocrx_word' id='word_1_123' title='bbox 989 2804 1041 2880; x_wconf 90' lang='lat' dir='ltr'><strong>ad</strong></span> <span class='ocrx_word' id='word_1_124' title='bbox 1072 2814 1280 2906; x_wconf 85' lang='lat' dir='ltr'><strong>utrumque</strong></span> <span class='ocrx_word' id='word_1_125' title='bbox 1312 2832 1448 2912; x_wconf 85' lang='lat' dir='ltr'><strong>regem</strong></span> 
     </span>
     <span class='ocr_line' id='line_1_21' title="bbox 425 2920 1482 3026; baseline 0.008 -32"><span class='ocrx_word' id='word_1_126' title='bbox 425 2920 573 2999; x_wconf 87' lang='lat' dir='ltr'><strong>litteris</strong></span> <span class='ocrx_word' id='word_1_127' title='bbox 608 2922 827 3001; x_wconf 74' lang='lat' dir='ltr'><strong>accelerari</strong></span> <span class='ocrx_word' id='word_1_128' title='bbox 871 2922 1063 3026; x_wconf 80' lang='lat' dir='ltr'><strong>cupiebat</strong></span> <span class='ocrx_word' id='word_1_129' title='bbox 1081 2937 1111 3023; x_wconf 64' lang='lat'><strong>,*</strong></span> <span class='ocrx_word' id='word_1_130' title='bbox 1130 2926 1213 3024; x_wconf 82' lang='lat' dir='ltr'><strong>iple</strong></span> <span class='ocrx_word' id='word_1_131' title='bbox 1244 2926 1448 3001; x_wconf 88' lang='lat' dir='ltr'><strong>etiamad</strong></span> <span class='ocrx_word' id='word_1_132' title='bbox 1480 2936 1482 2991; x_wconf 72' lang='lat'>3</span> 
     </span>
    </p>

    <p class='ocr_par' dir='ltr' id='par_1_13' title="bbox 301 3034 1481 3381">
     <span class='ocr_line' id='line_1_22' title="bbox 301 3034 1450 3155; baseline 0.01 -42"><span class='ocrx_word' id='word_1_133' title='bbox 301 3034 307 3041; x_wconf 74' lang='grc'>’</span> <span class='ocrx_word' id='word_1_134' title='bbox 426 3039 548 3118; x_wconf 88' lang='lat' dir='ltr'><strong>finem</strong></span> <span class='ocrx_word' id='word_1_135' title='bbox 567 3046 712 3120; x_wconf 86' lang='lat' dir='ltr'><strong>volens</strong></span> <span class='ocrx_word' id='word_1_136' title='bbox 732 3044 960 3135; x_wconf 87' lang='lat' dir='ltr'><strong>adducere,</strong></span> <span class='ocrx_word' id='word_1_137' title='bbox 978 3056 1126 3155; x_wconf 82' lang='lat' dir='ltr'><strong>praeter</strong></span> <span class='ocrx_word' id='word_1_138' title='bbox 1155 3044 1309 3140; x_wconf 85' lang='lat' dir='ltr'><strong>aliquot</strong></span> <span class='ocrx_word' id='word_1_139' title='bbox 1326 3048 1450 3149; x_wconf 82' lang='lat' dir='ltr'><strong>Impe-</strong></span> 
     </span>
     <span class='ocr_line' id='line_1_23' title="bbox 350 3150 1481 3267; baseline 0.007 -34"><span class='ocrx_word' id='word_1_140' title='bbox 350 3158 354 3166; x_wconf 83' lang='lat'><em>&#39;</em></span> <span class='ocrx_word' id='word_1_141' title='bbox 426 3163 479 3233; x_wconf 87' lang='lat' dir='ltr'><strong>rii</strong></span> <span class='ocrx_word' id='word_1_142' title='bbox 496 3166 719 3265; x_wconf 84' lang='lat' dir='ltr'><strong>Principes,</strong></span> <span class='ocrx_word' id='word_1_143' title='bbox 733 3160 1138 3263; x_wconf 79' lang='lat' dir='ltr'><strong>optimatesquoque</strong></span> <span class='ocrx_word' id='word_1_144' title='bbox 1161 3186 1213 3236; x_wconf 87' lang='lat' dir='ltr'><strong>ex</strong></span> <span class='ocrx_word' id='word_1_145' title='bbox 1232 3160 1451 3267; x_wconf 87' lang='lat' dir='ltr'><strong>Hungaria,</strong></span> <span class='ocrx_word' id='word_1_146' title='bbox 1478 3150 1481 3197; x_wconf 64' lang='lat'><strong>&#39;⁵</strong></span> 
     </span>
     <span class='ocr_line' id='line_1_24' title="bbox 331 3265 1333 3381; baseline -0.002 -21"><span class='ocrx_word' id='word_1_147' title='bbox 331 3265 357 3273; x_wconf 22' lang='grc' dir='ltr'><em>Η</em></span> <span class='ocrx_word' id='word_1_148' title='bbox 385 3294 396 3311; x_wconf 79' lang='lat'><strong><em>‘</em></strong></span> <span class='ocrx_word' id='word_1_149' title='bbox 428 3284 695 3376; x_wconf 70' lang='lat' dir='ltr'><strong>madefient,</strong></span> <span class='ocrx_word' id='word_1_150' title='bbox 721 3277 1029 3361; x_wconf 85' lang='lat' dir='ltr'><strong>Wratislaviam</strong></span> <span class='ocrx_word' id='word_1_151' title='bbox 1047 3283 1262 3361; x_wconf 77' lang='lat' dir='ltr'><strong>accersivit.</strong></span> <span class='ocrx_word' id='word_1_152' title='bbox 1290 3283 1333 3381; x_wconf 85' lang='lat' dir='ltr'><strong>a)</strong></span> 
     </span>
    </p>

    <p class='ocr_par' dir='ltr' id='par_1_14' title="bbox 107 3367 1479 3861">
     <span class='ocr_line' id='line_1_25' title="bbox 107 3367 1449 3512; baseline 0.003 -40"><span class='ocrx_word' id='word_1_153' title='bbox 107 3464 111 3472; x_wconf 89' lang='lat'><em>.</em></span> <span class='ocrx_word' id='word_1_154' title='bbox 216 3441 412 3512; x_wconf 79' lang='lat'>!.·..··..-··....</span> <span class='ocrx_word' id='word_1_155' title='bbox 524 3400 590 3478; x_wconf 88' lang='lat'><em>111.</em></span> <span class='ocrx_word' id='word_1_156' title='bbox 617 3403 801 3481; x_wconf 84' lang='lat' dir='ltr'><strong>Aderant</strong></span> <span class='ocrx_word' id='word_1_157' title='bbox 838 3400 906 3477; x_wconf 83' lang='lat' dir='ltr'><strong>sub</strong></span> <span class='ocrx_word' id='word_1_158' title='bbox 919 3400 1121 3505; x_wconf 88' lang='lat' dir='ltr'><strong>ipsum</strong></span> <span class='ocrx_word' id='word_1_159' title='bbox 1122 3406 1238 3477; x_wconf 85' lang='lat' dir='ltr'><strong>anni</strong></span> <span class='ocrx_word' id='word_1_160' title='bbox 1238 3367 1449 3499; x_wconf 86' lang='lat' dir='ltr'><strong>sequentis</strong></span> 
     </span>
     <span class='ocr_line' id='line_1_26' title="bbox 149 3518 1450 3650; baseline 0.002 -57"><span class='ocrx_word' id='word_1_161' title='bbox 149 3559 151 3564; x_wconf 95' lang='lat'>·</span> <span class='ocrx_word' id='word_1_162' title='bbox 281 3572 385 3650; x_wconf 81' lang='lat'>4391</span> <span class='ocrx_word' id='word_1_163' title='bbox 427 3543 684 3621; x_wconf 77' lang='lat' dir='ltr'><strong>principium,</strong></span> <span class='ocrx_word' id='word_1_164' title='bbox 693 3518 816 3595; x_wconf 85' lang='lat' dir='ltr'><strong>ted</strong></span> <span class='ocrx_word' id='word_1_165' title='bbox 778 3545 848 3595; x_wconf 78' lang='lat' dir='ltr'><strong>vix</strong></span> <span class='ocrx_word' id='word_1_166' title='bbox 869 3521 1101 3595; x_wconf 87' lang='lat' dir='ltr'><strong>tractationi</strong></span> <span class='ocrx_word' id='word_1_167' title='bbox 1122 3518 1305 3593; x_wconf 86' lang='lat' dir='ltr'><strong>factum</strong></span> <span class='ocrx_word' id='word_1_168' title='bbox 1294 3522 1450 3597; x_wconf 88' lang='lat' dir='ltr'><strong>mitium</strong></span> 
     </span>
     <span class='ocr_line' id='line_1_27' title="bbox 110 3634 1478 3740; baseline -0.001 -27"><span class='ocrx_word' id='word_1_169' title='bbox 110 3661 114 3675; x_wconf 83' lang='grc'><strong><em>·</em></strong></span> <span class='ocrx_word' id='word_1_170' title='bbox 304 3711 310 3731; x_wconf 73' lang='grc'>,</span> <span class='ocrx_word' id='word_1_171' title='bbox 427 3634 516 3738; x_wconf 87' lang='lat' dir='ltr'><strong>est,</strong></span> <span class='ocrx_word' id='word_1_172' title='bbox 551 3664 643 3715; x_wconf 88' lang='lat' dir='ltr'><strong>cum</strong></span> <span class='ocrx_word' id='word_1_173' title='bbox 680 3640 770 3740; x_wconf 83' lang='lat' dir='ltr'><strong>spes</strong></span> <span class='ocrx_word' id='word_1_174' title='bbox 810 3638 942 3716; x_wconf 87' lang='lat' dir='ltr'><strong>felicis</strong></span> <span class='ocrx_word' id='word_1_175' title='bbox 979 3644 1110 3715; x_wconf 85' lang='lat' dir='ltr'><strong>exitus</strong></span> <span class='ocrx_word' id='word_1_176' title='bbox 1148 3638 1235 3713; x_wconf 84' lang='lat' dir='ltr'><strong>fere</strong></span> <span class='ocrx_word' id='word_1_177' title='bbox 1273 3642 1450 3718; x_wconf 85' lang='lat' dir='ltr'><strong>evanuit.</strong></span> <span class='ocrx_word' id='word_1_178' title='bbox 1476 3666 1478 3685; x_wconf 46' lang='grc' dir='ltr'>ι</span> 
     </span>
     <span class='ocr_line' id='line_1_28' title="bbox 425 3756 1478 3861; baseline -0.004 -26"><span class='ocrx_word' id='word_1_179' title='bbox 425 3756 666 3835; x_wconf 81' lang='lat' dir='ltr'><strong>Gnesnensrs</strong></span> <span class='ocrx_word' id='word_1_180' title='bbox 689 3761 797 3835; x_wconf 87' lang='lat' dir='ltr'><strong>enim</strong></span> <span class='ocrx_word' id='word_1_181' title='bbox 828 3759 1192 3861; x_wconf 84' lang='lat' dir='ltr'><strong>Archiepiscopus</strong></span> <span class='ocrx_word' id='word_1_182' title='bbox 1217 3758 1285 3855; x_wconf 93' lang='lat' dir='ltr'><strong>qui</strong></span> <span class='ocrx_word' id='word_1_183' title='bbox 1306 3760 1453 3855; x_wconf 77' lang='lat' dir='ltr'><strong>princi</strong></span> <span class='ocrx_word' id='word_1_184' title='bbox 1477 3780 1478 3792; x_wconf 57' lang='lat'>¹</span> 
     </span>
    </p>

    <p class='ocr_par' dir='ltr' id='par_1_15' title="bbox 425 3871 1469 3991">
     <span class='ocr_line' id='line_1_29' title="bbox 425 3871 1469 3991; baseline -0.006 -37"><span class='ocrx_word' id='word_1_185' title='bbox 425 3904 522 3981; x_wconf 92' lang='lat' dir='ltr'><strong>pem</strong></span> <span class='ocrx_word' id='word_1_186' title='bbox 553 3882 657 3957; x_wconf 88' lang='lat' dir='ltr'><strong>inter</strong></span> <span class='ocrx_word' id='word_1_187' title='bbox 692 3877 875 3977; x_wconf 86' lang='lat' dir='ltr'><strong>Legatos</strong></span> <span class='ocrx_word' id='word_1_188' title='bbox 901 3878 1036 3991; x_wconf 84' lang='lat' dir='ltr'><strong>locum</strong></span> <span class='ocrx_word' id='word_1_189' title='bbox 1064 3880 1210 3970; x_wconf 77' lang='lat' dir='ltr'><strong>tenuit,</strong></span> <span class='ocrx_word' id='word_1_190' title='bbox 1234 3876 1277 3949; x_wconf 89' lang='lat' dir='ltr'><strong>id</strong></span> <span class='ocrx_word' id='word_1_191' title='bbox 1308 3877 1449 3975; x_wconf 81' lang='lat' dir='ltr'><strong>praeci·</strong></span> <span class='ocrx_word' id='word_1_192' title='bbox 1465 3871 1469 3882; x_wconf 88' lang='lat'>&#39;</span> 
     </span>
    </p>

    <p class='ocr_par' dir='ltr' id='par_1_16' title="bbox 425 3994 1448 4108">
     <span class='ocr_line' id='line_1_30' title="bbox 425 3994 1448 4108; baseline -0.001 -39"><span class='ocrx_word' id='word_1_193' title='bbox 425 4015 519 4100; x_wconf 81' lang='lat' dir='ltr'><strong>pue</strong></span> <span class='ocrx_word' id='word_1_194' title='bbox 538 3996 707 4108; x_wconf 83' lang='lat' dir='ltr'><strong>agebat,</strong></span> <span class='ocrx_word' id='word_1_195' title='bbox 743 4011 786 4071; x_wconf 88' lang='lat' dir='ltr'><strong>ut</strong></span> <span class='ocrx_word' id='word_1_196' title='bbox 817 3998 951 4095; x_wconf 88' lang='lat' dir='ltr'><strong>prius,</strong></span> <span class='ocrx_word' id='word_1_197' title='bbox 978 4018 1099 4094; x_wconf 82' lang='lat' dir='ltr'><strong>quam</strong></span> <span class='ocrx_word' id='word_1_198' title='bbox 1122 3994 1179 4069; x_wconf 86' lang='lat' dir='ltr'><strong>ad</strong></span> <span class='ocrx_word' id='word_1_199' title='bbox 1207 4018 1298 4090; x_wconf 86' lang='lat' dir='ltr'><strong>rem</strong></span> <span class='ocrx_word' id='word_1_200' title='bbox 1320 3994 1448 4092; x_wconf 84' lang='lat' dir='ltr'><strong>ipsam</strong></span> 
     </span>
    </p>

    <p class='ocr_par' dir='ltr' id='par_1_17' title="bbox 1290 4114 1406 4189">
     <span class='ocr_line' id='line_1_31' title="bbox 1290 4114 1406 4189; baseline -0.032 0"><span class='ocrx_word' id='word_1_201' title='bbox 1290 4114 1406 4189; x_wconf 82' lang='lat' dir='ltr'><strong>veni-·</strong></span> 
     </span>
    </p>
   </div>
   <div class='ocr_carea' id='block_1_3' title="bbox 468 4336 1059 4440">
    <p class='ocr_par' dir='ltr' id='par_1_18' title="bbox 468 4336 1059 4440">
     <span class='ocr_line' id='line_1_32' title="bbox 468 4336 1059 4440; baseline -0.007 -31"><span class='ocrx_word' id='word_1_202' title='bbox 468 4336 516 4440; x_wconf 71' lang='lat' dir='ltr'><strong>u)</strong></span> <span class='ocrx_word' id='word_1_203' title='bbox 541 4347 629 4432; x_wconf 61' lang='lat' dir='ltr'><strong>Aen,</strong></span> <span class='ocrx_word' id='word_1_204' title='bbox 646 4341 741 4431; x_wconf 76' lang='lat' dir='ltr'><strong>sylv.</strong></span> <span class='ocrx_word' id='word_1_205' title='bbox 761 4343 783 4417; x_wconf 84' lang='lat' dir='ltr'><strong>l.</strong></span> <span class='ocrx_word' id='word_1_206' title='bbox 805 4342 860 4415; x_wconf 88' lang='lat' dir='ltr'><strong>cit.</strong></span> <span class='ocrx_word' id='word_1_207' title='bbox 881 4360 913 4420; x_wconf 70' lang='lat' dir='ltr'><strong>o</strong></span> <span class='ocrx_word' id='word_1_208' title='bbox 933 4354 995 4431; x_wconf 70' lang='lat'><strong>55.</strong></span> <span class='ocrx_word' id='word_1_209' title='bbox 1042 4358 1059 4405; x_wconf 85' lang='grc'><strong>·.</strong></span> 
     </span>
    </p>
   </div>
   <div class='ocr_carea' id='block_1_4' title="bbox 0 0 1576 5075">
    <p class='ocr_par' dir='ltr' id='par_1_19' title="bbox 0 0 1576 5075">
     <span class='ocr_line' id='line_1_33' title="bbox 0 0 1576 5075; baseline 0 1"><span class='ocrx_word' id='word_1_210' title='bbox 0 0 1576 5075; x_wconf 95' lang='lat' dir='ltr'><strong> </strong></span> 
     </span>
    </p>
   </div>
  </div>
 </body>
</html>
