3142 5075
277 457 330 518 ·.
484 348 1442 520 5,s‘tv-Lsn1sn,a'usrt„‚

174 615 179 632 ¹
220 605 413 678 Ε
430 597 528 674 olim
553 595 678 702 regno
699 595 854 674 suturas
887 596 1175 690 existimarent,
1202 586 1272 678 alii
1305 582 1437 683 contra

100 715 107 724 ’
264 740 385 814 ιιιι.
432 720 542 794 volut
560 717 752 805 fulcrum,
778 730 857 814 quo
887 716 1090 818 Hungaria
1108 698 1441 820 periculo'ingru·

223 820 228 829 ¹
340 938 344 942 ι
428 849 540 928 ente,
574 851 660 946 tuto
686 835 758 908 niti
781 833 925 935 possit,
963 839 1213 914 extollerent
1266 835 1436 946 Quidvis

286 959 289 968 '
425 957 539 1053 hujus
562 955 620 1029 rei
651 954 795 1044 fuerit,
819 957 1115 1044 matrimonium
1145 963 1196 1032 ἑο
1227 985 1336 1033 anno
1354 983 1440 1034 coa·

433 1073 529 1169 luit,
555 1057 651 1148 sicet
670 1073 799 1145 taedas
805 1072 1018 1180 nuptiales
1041 1049 1217 1161 Tartari,
1239 1075 1279 1152 ιιι
1264 1079 1441 1152 Turcae
1479 1124 1485 1132 ·

424 1191 501 1266 suis
545 1179 863 1292 procurfionibus
893 1188 978 1266 sere
1014 1188 1314 1266 interturbarint
1339 1193 1469 1286 ,sed

424 1313 580 1410 utrique
609 1307 789 1383 dissimili
825 1320 972 1394 eventu
1011 1306 1211 1383 fortunam
1250 1315 1442 1411 experti:

378 1447 381 1462 ·
421 1426 483 1502 illi
519 1453 543 1502 a
569 1424 731 1502 Polonis
766 1449 871 1524 pene
907 1417 959 1498 ad
991 1426 1304 1501 internecionem
1336 1431 1440 1523 caesr,

421 1539 464 1650 ιιι
498 1559 636 1620 contra
671 1543 928 1619 Zreb'ernicam
956 1545 1123 1648 ignavia
1150 1542 1439 1643 Praefecti,&

422 1666 556 1740 vicina
584 1661 707 1742 castra
738 1659 1006 1763 occuparunt,
1045 1688 1094 1738 ac
1120 1662 1344 1740 vastitatem
1383 1673 1433 1748 ad

421 1757 632 1884 Spalatum
655 1785 888 1884 protulere.
928 1775 1207 1872 wladislaus,
1244 1780 1436 1901 quantum

417 1907 459 1978 iu
491 1901 695 1981 subitaneo
723 1906 901 2004 periculo
926 1917 1111 2003 poterat,
1124 1886 1317 2020 militem*
1329 1905 1436 1978 Savo

364 2037 368 2046 '
420 2031 596 2110 vicinum
628 2029 784 2126 colligi,
819 2026 874 2101 dr
889 2025 968 2100 hos
957 2046 1037 2100 em
1068 2026 1244 2102 fluminis
1276 2023 1435 2100 t'ransuu

178 2177 180 2184 ·
311 2195 325 2214 »ι
421 2151 552 2221 arceri
573 2147 705 2249 jussit,
729 2146 793 2240 &,
819 2169 908 2220 cum
928 2169 1093 2219 mrmme
1112 2143 1341 2233 dubitaret
1366 2146 1434 2220 Se·

284 2268 300 2308 ·'
417 2263 579 2354 limum,
605 2281 720 2366 patre
750 2290 827 2366 per
853 2242 1093 2339 ueneficium
1114 2261 1292 2355 sublato,
1310 2288 1434 2338 arma

397 2381 457 2454 -in
485 2375 734 2484 Hungariam
765 2383 1078 2489 conversurum,
1112 2378 1319 2460 Thomam
1351 2381 1428 2455 Ba·

354 2572 363 2579 .
415 2501 635 2596 kaczium,
660 2501 967 2605 strigoniensem
996 2494 1151 2577 dreni.
1161 2483 1430 2599 Episcopum,

413 2618 589 2699 Romam
616 2648 689 2723 pro
713 2623 979 2723 implorandis
1000 2646 1025 2695 a
1056 2613 1157 2697 lulio
1184 2622 1233 2695 lt
1257 2616 1433 2695 subfidiis
1462 2688 1466 2691 ,

412 2724 533 2835 misit,
559 2761 645 2842 quae
670 2741 831 2837 quidem
855 2738 906 2814 ab
932 2739 1026 2836 illo,
1051 2750 1092 2811 ut
1109 2742 1226 2811 erat
1215 2764 1255 2813 ιιι
1275 2737 1430 2813 bellum

122 2922 123 2928 1
377 2866 386 2881 ‘
412 2860 646 2937 Turcicum
654 2864 808 2961 optime
824 2863 1048 2951 animatus,
1071 2857 1191 2933 facile
1219 2860 1431 2958 impetrari

207 2994 623 3084 uun-poterant,
658 2976 726 3055 nist
753 2976 823 3057 XI.
860 2958 1065 3053 Februarii
1100 2978 1285 3086 sequente
1320 3000 1427 3050 anno

158 3158 160 3163 -
205 3080 211 3089 ¹
263 3149 367 3225 ,513
410 3096 639 3189 exstinctus,
663 3098 792 3174 Leoni
823 3096 874 3173 X.
901 3098 1036 3174 locum
1063 3093 1236 3185 secilset,
1264 3091 1316 3167 ab
1344 3096 1424 3167 hoc
1466 3080 1489 3152 ι’

129 3244 133 3254 ‘
408 3235 567 3311 autem,
594 3216 659 3293 etli
684 3216 775 3291 Rex
793 3214 956 3293 crebras
974 3216 1027 3304 ad
1045 3216 1185 3306 illum,
1209 3210 1248 3286 &
1268 3211 1424 3314 Strigo

279 3378 280 3383 ,
407 3338 583 3414 triensem
612 3340 753 3413 Archi-
757 3318 1029 3435 Episcopum,
1060 3325 1230 3409 eandem
1254 3328 1306 3404 ob
1329 3352 1430 3404 cau·
1487 3381 1488 3426 ι

407 3458 490 3533 sam
510 3452 662 3535 litteras
691 3458 868 3551 dederit,
893 3459 1042 3556 exigua
1070 3468 1205 3528 tamen
1234 3447 1424 3523 subsidio·
1449 3469 1452 3476 ’

281 3578 286 3587 ’
348 3606 350 3611 ·
406 3602 493 3655 rum
511 3578 598 3677 spes
620 3564 864 3679 effulgebat,
888 3574 1002 3673 quod
1020 3565 1124 3670 ipse,
1148 3595 1187 3642 m
1206 3567 1417 3645 Pontifica
1487 3567 1488 3570 ’

286 3774 287 3779 ,
405 3710 468 3785 tus
496 3694 627 3787 aditu,
660 3693 812 3788 aliquot
851 3718 904 3768 ex
939 3662 1213 3768 Cardinalium
1237 3686 1415 3784 collegio
1487 3755 1488 3758 ,

296 3814 335 3919 γ’
405 3812 653 3905 adversarios
675 3824 816 3887 nactus
837 3810 947 3899 esset,
963 3796 1118 3886 tametsi
1137 3806 1417 3905 polliceretur,
1487 3795 1488 3806 ’

404 3940 443 4010 se
465 3954 552 4007 curn
571 3929 740 4023 Caesare,
763 3932 1053 4032 Hispaniarum,
1079 3922 1294 4027 &Anglrae
1310 3943 1409 4021 regi
1461 3940 1470 3948 ⁴

406 4050 494 4155 bus
504 4067 709 4145 acturum,
736 4065 798 4143 ut,
820 4074 923 4151 pace
941 4054 1045 4123 inter
1063 4044 1271 4144 Principes
1291 4042 1416 4118 redin·
1486 4065 1488 4164 ι

402 4184 581 4273 tssgrula,
607 4180 710 4249 vires
730 4175 994 4267 communiter
1011 4172 1055 4244 in
1074 4167 1231 4243 Turnat
1252 4163 1414 4237 conver.
1486 4097 1488 4226 ι

1257 4293 1366 4377 tant,
