3142 5075
381 473 383 480 y
462 397 535 488 ³⁹²..
695 317 1193 460 n‘nrnrnst

158 614 161 629 ι
204 568 625 678 ΜΡοῐίΓείιῃα
658 572 817 648 illarum
862 599 958 670 para
991 577 1156 653 adrem
1194 574 1431 682 militarem,

170 729 173 738 r
268 697 372 782 1459,
413 671 608 771 hujusque
629 673 881 771 disciplinam
911 677 1104 774 pertinet:
1131 677 1231 752 iliud
1256 677 1425 757 fortassis

414 803 563 890 praeter
595 784 798 886 Majorum
841 817 999 866 morem
1028 794 1276 870 constitutum
1308 795 1430 893 fuisse,

414 911 544 986 videri
565 908 715 1007 potest,
736 923 779 986 ut
797 935 870 987 rex
889 914 940 987 iis
959 913 1114 1010 copiis,
1134 938 1232 1010 quas
1253 911 1431 990 Batonea

415 1025 485 1103 sub
518 1026 585 1101 suo
614 1031 769 1104 vexiiio
800 1031 954 1106 ducturi
985 1027 1130 1122 essent,
1163 1032 1359 1136 stipendia
1385 1058 1432 1142 err

417 1145 582 1250 publico
601 1151 744 1222 aerario
770 1149 962 1252 praebeat.
981 1151 1049 1232 nd
1073 1155 1162 1228 lraec
1180 1170 1346 1256 tempus
1364 1158 1446 1251 mi·r

419 1273 560 1345 h'tandi
584 1272 634 1347 ad
657 1285 738 1347 tres
758 1271 884 1346 insum
905 1272 1059 1348 menses
1081 1281 1346 1364 coarctatum,
1356 1275 1437 1372 qui·

418 1385 495 1465 bu's
531 1392 721 1479 evolutis,
754 1391 858 1492 srgna
886 1391 1138 1490 relinquendi
1168 1397 1298 1469 cuivis
1327 1405 1437 1494 pote·

416 1507 492 1606 ,ssas
514 1503 637 1598 esset,
669 1533 755 1607 quae
781 1507 806 1599 si
834 1513 921 1608 quis
944 1517 1054 1612 prius
1083 1513 1306 1605 desereret,
1330 1511 1437 1584 nulla

420 1627 658 1703 Nobilitatis
684 1631 843 1706 ratione
874 1620 1040 1725 habita,
1065 1633 1212 1730 benis,
1236 1629 1275 1706 δι
1310 1631 1439 1728 capite

420 1752 635 1850 privetur,
660 1751 726 1844 qui
763 1775 860 1827 vero
889 1751 1063 1853 praebita
1088 1753 1261 1852 pecunia
1291 1749 1442 1823 missio·

421 1891 513 1944 nem
549 1869 762 1942 aductore
793 1873 1054 1971 impetraret,
1072 1887 1237 1968 uterque
1265 1865 1303 1942 &
1325 1889 1444 1976 pecn-

375 2056 378 2062 .
421 1989 498 2063 niae
517 1991 725 2086 jacturam,
739 1985 777 2060 ἃ
797 2011 960 2087 poenam
982 1987 1202 2088 perferret:
1230 2011 1443 2079 annonam,

422 2122 636 2206 ceteraque
680 2109 806 2182 victui
858 2108 1104 2201 necessaria,
1141 2133 1221 2183 non
1266 2109 1450 2199 cariore,

423 2251 545 2324 quam
560 2239 650 2301 ante
669 2215 962 2327 prosectionem
983 2246 1117 2332 erant,
1144 2225 1362 2330 preciosas
1389 2224 1442 2324 sit,

422 2373 570 2422 venum
593 2344 814 2450 exponere,
829 2371 1034 2424 armorum
1054 2371 1178 2444 genus
1203 2347 1255 2422 ad
1280 2344 1446 2438 bellum,

299 2519 303 2528 -
422 2457 602 2571 gladius,
642 2468 836 2571 clypeus,
872 2489 1011 2561 arcus,
1044 2467 1083 2542 ἃ
1107 2464 1241 2555 hasta,
1270 2465 1444 2567 praescri·
1480 2510 1482 2533 .

331 2656 335 2663 .
403 2604 559 2697 ptum:
580 2613 720 2663 omnes
741 2590 914 2685 denique
934 2585 1050 2693 signis
1074 2588 1285 2700 adscripti,
1311 2597 1402 2661 cum
1421 2611 1443 2659 a

424 2730 531 2808 rege
546 2720 620 2805 p'er
638 2707 791 2781 litteras
812 2708 1009 2785 admoniti
1034 2706 1192 2793 suerint,
1217 2706 1454 2787 intraxxv..

426 2826 512 2897 dies
535 2827 628 2898 ioco
648 2827 835 2901 condicto
855 2849 945 2901 cum
961 2831 1085 2901 armis
1100 2828 1239 2931 praesto
1269 2825 1351 2900 sint.

522 2942 617 3019 Haec
639 2946 691 3019 ad
713 2959 902 3021 externos
923 2948 1052 3023 hostes
1073 2944 1331 3048 spectabant,
1358 2970 1446 3021 cum

426 3063 537 3136 domi
567 3052 722 3139 intere'a
748 3069 879 3167 magis
902 3065 1110 3165 periculosi
1130 3066 1312 3139 laterent.
1365 3064 1458 3151 La·,

427 3180 581 3255 dissaus
615 3178 746 3277 Gara,
783 3182 823 3257 ἃ
853 3184 1064 3283 Vjsakiua,
1089 3187 1180 3283 qui,
1205 3185 1299 3259 licet
1325 3185 1450 3286 magi·
1481 3167 1482 3174 ἵ

425 3301 544 3379 stratu
564 3307 642 3395 jam
662 3308 813 3414 privati
830 3302 969 3396 essent,
994 3329 1144 3380 nomen
1165 3316 1301 3400 tamen
1322 3301 1450 3405 digni-

426 3422 522 3499 tatis
552 3422 806 3517 retinebant,
846 3422 1004 3528 a'dscitic
1035 3429 1077 3501 in
1110 3425 1342 3507 societatem
1376 3445 1453 3523 po·

427 3548 667 3635 tectioribus
697 3545 918 3649 Hungaria‚
947 3547 1017 3645 qui
1039 3540 1334 3637 Mnraviae,.&
1367 3542 1450 3617 Au·

248 3740 252 3756 ,
370 3670 373 3675 ’
428 3660 527 3741 liriae
562 3666 682 3747 vicini
713 3679 858 3757 erant,
896 3662 948 3737 ad
978 3687 1079 3762 qnos
1107 3660 1259 3761 Comes
1292 3656 1451 3758 quoqu'e

431 3779 615 3889 Segnia,
646 3778 830 3883 Vegiiae,
860 3779 899 3856 ἃ*
919 3780 1123 3867 Modrufiae
1135 3835 1149 3876 ,
1175 3794 1258 3851 tum
1280 3776 1452 3853 Tranfil·

384 3974 387 3981 ,
427 3897 624 3973 vanienfis
658 3900 868 4001 episcopus
906 3898 1166 3995 accesserant,
1191 3893 1456 3975 Nemetuiva·

428 4016 507 4095 nini
532 4036 782 4105 convenere,
809 4015 1045 4092 &unanimi
1072 4015 1255 4093 consensu
1280 4013 1450 4106 Caesari,

1311 4158 1408 4239 qum
