3142 5075
354 481 361 496 ’
459 520 539 610 37⁸
658 456 1189 592 nantst'nus.
1305 532 1389 616 μ

120 792 124 798 ,
203 693 399 772 -9-3
507 707 684 784 Tantum
703 727 838 786 autem
852 708 980 808 abest,
1007 709 1137 787 uthac
1159 693 1460 788 declaratione

164 921 167 928 ¹
265 836 370 931 ¹4577
411 840 544 908 motus
562 831 881 930 conquieverint,
904 835 1114 927 utmajora
1137 833 1261 908 etiaim
1288 836 1327 907 in
1341 835 1424 908 dies

410 953 661 1027 incrementa
689 966 890 1053 oaperent.
949 951 1170 1031 Recentior
1213 933 1321 1030 enim
1346 971 1431 1030 erat

299 1113 301 1120 ·
365 1097 367 1104 ·
410 1069 659 1170 Hunyiadit,
684 1074 850 1173 ejusque
881 1063 1297 1173 praec'laresactorum
1323 1075 1438 1174 apud

413 1213 553 1266 omnes
575 1195 796 1281 memoria,
823 1220 943 1292 quam
961 1207 1006 1271 ut
1028 1196 1105 1270 hac
1126 1196 1427 1282 criminatione,

412 1333 502 1412 quae
519 1310 723 1412 plerisque
740 1337 814 1414 per
829 1315 1024 1390 invidiam
1038 1315 1250 1389 subornata
1265 1307 1435 1385 videba.

411 1447 506 1523 tur,
542 1433 681 1528 pacari
713 1430 874 1530 possent.
933 1433 1074 1531 ltaque
1107 1433 1200 1509 Rex
1234 1415 1431 1530 praecipiti

413 1545 569 1622 suorum
592 1549 751 1625 confilio
772 1555 1093 1645 circumventus,
1119 1577 1210 1627 cum
1234 1554 1432 1653 intellige·
1452 1549 1464 1564 “’

413 1680 500 1755 ret,
527 1665 679 1744 samam
702 1671 810 1746 suam
842 1673 1085 1774 periclitari,
1110 1669 1340 1768 Viennam,
1362 1668 1432 1739 ‹in-
1474 1668 1480 1736 j

412 1801 478 1860 cto
511 1785 641 1864 secum
677 1787 861 1887 Mathia,
884 1793 1012 1866 rediit.
1064 1791 1243 1866 Tentata
1272 1788 1433 1888 quidem

274 1991 277 1997 .
321 1933 327 1940 '
411 1899 508 1999 fuit,
533 1905 591 1998 Gt,
619 1911 725 2009 quod
757 1915 904 1986 mirum
940 1912 1069 1986 videti
1093 1898 1342 2010 potest,'per
1368 1905 1433 1979 Ni·

413 2029 575 2128 colaum
609 2030 660 2105 de
686 2017 847 2130 leak,
872 2057 993 2130 quem
1025 2029 1227 2123 constabat
1252 2025 1435 2128 Hunyia-

413 2149 545 2223 dianae
573 2145 740 2225 familiae
771 2151 931 2251 semper
962 2150 1154 2225 infensum
1180 2147 1313 2237 suisse,
1333 2150 1436 2220 inter

228 2293 247 2325 ⁸
350 2333 359 2340 .
412 2291 567 2372 regem,
592 2265 630 2342 &
658 2267 880 2370 Szilagium
905 2267 1143 2355 concordia,
1167 2269 1279 2343 irrito
1300 2273 1435 2338 tamen

412 2401 570 2464 conatu.
620 2387 881 2463 conditiones
904 2388 1132 2486 hujusmodi
1153 2401 1286 2462 erant:
1312 2381 1436 2458 Elisa·

310 2509 314 2517 '
365 2526 367 2536 ·
412 2502 535 2581 betha
546 2501 772 2606 Hunyiadis
795 2509 914 2585 vidua
927 2504 1171 2610 confignabit
1190 2486 1276 2605 regi
1299 2505 1436 2598 omnia

188 2708 221 2729 ι,
285 2708 294 2721 ,
412 2621 559 2731 castra,
598 2640 686 2725 quae
706 2626 746 2696 in
773 2621 1098 2710 Transsilvania,
1126 2624 1292 2718 Servia,
1326 2620 1366 2697 ἃ
1395 2624 1435 2694 in

339 2760 343 2765 ’
388 2740 620 2847 .l·lungaria
650 2747 749 2841 jorse
780 2744 884 2844 regii
914 2742 1026 2821 suere
1047 2800 1060 2837 ,
1084 2748 1134 2819 iis
1165 2744 1292 2820 solum
1316 2768 1435 2819 exce·

236 2960 239 2969 Α
413 2862 519 2961 ptis,
545 2864 913 2973 quaehaereditate,
939 2867 1006 2940 vel
1028 2866 1247 2941 donatione
1276 2863 1435 2941 Aiberti
1484 2882 1486 3025 Ι

323 3034 326 3040 -
413 2987 546 3089 regis,
573 3002 642 3060 aut
659 3010 735 3061 aere
757 3000 994 3091 comparata
1021 2982 1162 3081 essent,
1189 2984 1347 3059 interea
1370 3007 1439 3056 au-

413 3122 497 3185 tem
530 3102 712 3184 Mathias
738 3104 853 3203 apud
886 3100 1194 3207 strigoniensem
1223 3100 1441 3201 Archiepi·
1476 3098 1486 3205 1]

414 3226 579 3325 scopum
600 3223 716 3303 obses
739 3229 836 3316 erit,
863 3248 937 3299 nec
959 3238 1065 3319 ante,
1092 3246 1213 3321 quam
1233 3216 1358 3297 castra
1376 3242 1441 3293 re·
1484 3244 1486 3291 :

413 3348 545 3435 liituta
567 3345 742 3447 fuerint,
772 3347 878 3427 liber
897 3348 1127 3419 dimittetur
1160 3341 1203 3437 a)
1268 3340 1361 3419 Res
1384 3352 1443 3412 ta-

415 3493 533 3571 men,
560 3470 667 3569 quod
694 3466 897 3570 Sziiagius
929 3460 1198 3561 leakio'non
1228 3461 1319 3543 satis
1344 3459 1442 3534 fide·

279 3608 283 3613 '
329 3572 332 3581 ¹
414 3572 498 3683 ret,
524 3582 564 3665 in
588 3587 671 3661 solo
696 3600 841 3662 conatu
864 3582 1038 3660 adhaesit.
1243 3570 1246 3591 '

509 3709 600 3785 Nec
617 3709 658 3782 in
676 3704 839 3783 Austria
861 3729 928 3779 rea
962 3704 1051 3784 satis
1078 3716 1242 3801 pacatas
1277 3702 1442 3799 reperit.

411 3827 603 3911 Nondum
621 3810 727 3905 enim
752 3826 915 3905 dissidia
935 3810 1038 3903 inter
1061 3822 1274 3912 Caesarem,
1301 3818 1340 3898 δι
1358 3819 1443 3893 La.
1483 3882 1486 3887 .

323 4036 325 4040 ι
412 3950 585 4031 ditlaum
622 3944 675 4027 ob
717 3943 966 4039 comitatum
1006 3943 1239 4036 Cilejensem
1260 3996 1285 4047 ,
1310 3964 1442 4040 ¹quem

1294 4062 1393 4142 Rex

457 4237 695 4337 a)Kaprinai
727 4252 883 4325 Tom.'.1
905 4251 962 4333 cit,
997 4269 1079 4360 pag
1103 4241 1439 4338 207·&AE¹1·35¹·

280 4440 283 4447 ,
392 4357 432 4482 ,ζ
507 4366 583 4434 vim
605 4359 699 4457 epist,
723 4356 893 4465 269,
