3142 5075
306 350 997 513 wcxu>o1suuusn
1045 440 1125 515 517,

145 602 354 686 Nobilium
383 632 510 711 pars,
542 612 568 681 a
597 606 783 684 Palatino
809 610 867 705 ,in
907 610 1002 705 ejus·-
1030 600 1394 709 partae-⁹3?
1429 612 1455 698 ,’

148 729 350 830 pellecta,
383 728 553 804 adversa
584 744 700 822 erat,
733 726 794 824 &p
814 744 855 804 ut
883 728 1170 803 Maximiliano
1211 731 1319 808 ‚¹493·

140 842 402 921 successionis
430 846 547 947 spem
575 871 739 921 omnem
770 848 1032 947 praecideret,
1056 870 1172 921 curo·
1205 898 1209 905 x

127 955 269 1055 nam,
300 964 380 1062 line
418 988 498 1065 qua
523 990 690 1065 regnum
719 966 902 1070 legitime
940 968 1051 1039 adire
1088 988 1170 1040 non
1241 990 1243 999 ’
1304 1000 1307 1005 ·

147 1080 294 1180 posset,
333 1086 516 1170 motatio,
549 1084 683 1181 injussu
716 1088 845 1187 regis,
868 1084 975 1159 illius
1004 1080 1172 1179 custodi·
1277 1120 1279 1129 s

147 1198 245 1301 buo,
285 1226 390 1278 curae
428 1202 627 1291 Palatini,
659 1198 718 1297 dr,
755 1227 806 1277 ue
836 1204 877 1275 in
909 1188 1015 1277 hunc
1042 1171 1171 1279 solum
1298 1292 1307 1303 ,
1383 1292 1387 1301 ,

111 1385 114 1393 ,
148 1320 304 1393 invidia
325 1320 538 1418 recideret,
565 1258 755 1420 Episcopi
778 1343 936 1426 quoque
954 1316 1172 1421 Agrieusu,

146 1437 326 1514 'thoma
348 1438 558 1530 Bakoczii,
585 1438 855 1535 commiserat,
896 1442 963 1539 qui
987 1437 1169 1514 coustitu-

110 1530 129 1563 '
146 1568 210 1631 too
249 1554 305 1631 ab
333 1555 372 1632 sc
402 1560 508 1633 arcis
539 1552 876 1660 Willegradienfis
909 1537 1169 1649 Praefectos,

142 1678 374 1774 juramento
403 1674 724 1775 adstrinxerunt,
760 1699 812 1751 ne
848 1698 1043 1753 coronam
1077 1676 1169 1785 loco
1294 1667 1297 1675 ’

145 1793 467 1885 moverismant,
494 1820 597 1870 neve
619 1796 731 1869 illam
741 1791 1048 1929 ,Palatiuo,&
1071 1770 1169 1891 Episs

144 1910 267 2012 scopo
296 1913 549 2005 inconsultis,
578 1915 649 1987 ulli
665 1912 850 2013 petenti,
882 1936 932 1986 ne
965 1909 1050 2011 regi
1080 1913 1166 2009 qui·
1257 1912 1262 1919 “
1344 1962 1348 1979 .
1454 1964 1458 1973 -

145 2030 278 2121 dem,
331 2044 400 2107 aut
435 2033 654 2121 Praelatie,
698 2032 891 2131 regnique
922 2028 1168 2108 -Barouibus

142 2148 395 2257 consignent,
429 2146 588 2239 officio,
620 2139 654 2223 sr'
675 2147 897 2228 custodibus
931 2150 1054 2229 visum
1082 2148 1196 2262 fue-s

143 2270 218 2368 rit,
255 2270 480 2362 decedant,
515 2269 730 2368 locumque
754 2266 850 2341 dent
882 2270 955 2369 iia,
981 2292 1080 2368 quoa
1108 2270 1170 2346 illi
1229 2269 1230 2277 '

139 2386 417 2482 substituerint.
445 2470 447 2475 ,
467 2382 657 2461 Custodes
676 2384 840 2486 ipsos,si
862 2388 1027 2481 majore,
1047 2410 1168 2487 quam

137 2495 303 2584 ioarce
344 2504 437 2597 sint,
471 2503 642 2584 militum
673 2530 842 2584 numero
869 2508 1076 2604 yenirertt,
1101 2529 1169 2582 ca·

141 2622 264 2702 sirum
295 2649 502 2727 nunquam
532 2627 689 2728 ingredi
718 2625 942 2728 patientur,
965 2624 1034 2700 nist
1061 2625 1185 2702 sorte.

139 2744 185 2822 id
205 2743 259 2821 ab
273 2743 382 2820 hoste
403 2743 658 2837 obsideretur,
682 2763 766 2822 tum
790 2769 887 2820 veru
908 2747 1071 2821 totidem
1096 2745 1171 2821 ad.'

140 2868 327 2957 mittent,
367 2881 464 2963 quot
495 2869 536 2940 io
558 2851 688 2940 'castro
719 2881 948 2954 morantur,
974 2867 1169 2940 memine-

140 2966 329 3084 rintque,
352 2986 411 3080 se,
435 3008 517 3058 nou
535 2985 676 3080 majori
696 2981 773 3058 side
795 2980 1021 3084 Episcopo,
1047 3008 1169 3082 quam
1249 2992 1268 3028 '¹
1357 3065 1368 3074 ,

139 3101 362 3202 Palatin0‚
395 3099 434 3176 dr
452 3097 596 3177 loanni
618 3099 731 3194 hujus
763 3099 874 3191 filio,
898 3099 1099 3204 obstringi
1126 3100 1168 3203 a)

139 3226 223 3301 Cur
252 3222 327 3296 hic
354 3217 529 3297 loannes
569 3219 793 3321 Zapolya,
825 3218 999 3296 Palatini
1031 3221 1169 3312 filius,

140 3341 211 3438 qui
240 3364 320 3442 per
359 3352 516 3417 aetatem
556 3341 667 3415 nullo
701 3339 863 3413 adhuc
852 3363 893 3413 m
924 3363 974 3413 re
1005 3340 1170 3440 publica
1247 3423 1250 3434 ,

137 3485 312 3550 munere
344 3463 624 3549 inclaruerat,
659 3475 819 3560 partem
849 3463 891 3536 in
922 3484 1075 3536 corona
1102 3484 1170 3536 cu

139 3569 356 3658 slodienda
376 3577 589 3671 habuerit,
615 3603 693 3655 uon
718 3576 812 3655 satis
830 3581 978 3682 liquet,
1002 3579 1069 3653 nili
1090 3576 1173 3652 for-

139 3714 184 3777 te
216 3701 426 3815 Palatinus
446 3699 524 3803 hac
555 3703 709 3780 ratione
728 3701 766 3776 ei
796 3703 920 3776 viam
912 3699 974 3773 ad
1005 3719 1195 3798 regnum(

136 3815 283 3896 sensim
310 3810 478 3920 parare
473 3819 663 3896 voluerit
671 3875 684 3916 ‚
648 3820 835 3916 tquod
848 3821 885 3894 ei
906 3819 976 3893 vix
1009 3819 1169 3892 ecunis

124 3921 127 3928 ⁸
625 3939 705 4014 ΚΓ(
718 3962 745 4039 3
993 3901 1120 4040 egres

183 4192 225 4265 o)
252 4142 439 4248 DeRcwa
464 4147 724 4250 commeando
743 4161 875 4248 corona
894 4181 997 4248 Tum.
1026 4175 1067 4252 Il,
1091 4171 1181 4290 sori
1242 4194 1246 4205 ·

240 4287 335 4386 pror.
358 4317 424 4366 rer.
431 4274 563 4389 flung
583 4324 664 4390 pag
689 4308 774 4389 458
