3142 5075
472 423 550 524 556
597 413 1191 510 WLADISLAUS
1236 425 1298 516 ss,
1374 499 1418 520 .‚

215 609 503 715 mrsu,
527 621 578 701 de
607 620 743 716 classe,
774 619 855 699 fine
883 651 963 728 qua
981 623 1121 702 nultra
1142 627 1274 706 omnis
1307 627 1360 706 de
1380 649 1436 706 re.

235 729 238 736 ⁴
274 749 376 826 ¹5⁰9·
421 741 654 838 cuperanda
682 739 927 841 Dalmatia,
957 747 1162 849 cogitatio
1183 762 1300 835 crat,
1338 739 1437 839 mari

419 857 631 947 Adriatico
654 861 930 958 immittenda,
944 862 1095 954 ,soliciti
1112 862 1361 952 tuitrent,vet
1373 866 1439 940 de·

420 977 543 1072 nique
561 975 631 1076 ipsr
653 968 917 1058 confuudereti
937 979 1186 1058 constantiori
1206 980 1284 1056 lide
1310 977 1436 1060 Cacsa-

420 1099 456 1174 ri
483 1095 752 1190 adhaesissent,
788 1101 856 1176 sed
886 1101 1092 1203 postquam
1119 1097 1306 1185 Pontifex
1335 1105 1437 1178 c-larn

421 1237 512 1292 curn
532 1220 691 1300 Venetia
721 1222 772 1298 de
797 1243 902 1325 pace
947 1226 1070 1325 coepit
1100 1246 1248 1323 agere,
1279 1219 1320 1322 dr
1350 1220 1438 1306 Rex

421 1329 596 1424 Galliae,
633 1332 816 1437 Brelcia,
863 1337 1093 1443 Bergamo,
1129 1338 1310 1430 Cremu,¹
1333 1340 1434 1412 aliis·

420 1475 515 1554 que»
533 1452 698 1532 urbibus
742 1463 979 1559 occupatis,
1007 1462 1255 1569 praecipuam
1285 1458 1437 1537 militia

417 1584 602 1672 partem,
637 1575 804 1652 domum
837 1578 1030 1683 deduxit,
1059 1579 1159 1655 nihil
1191 1581 1340 1654 mirum
1369 1575 1437 1668 es,

209 1688 444 1826 ...ιι
470 1713 549 1764 non
583 1691 639 1783 ιι,
665 1715 787 1812 quem
817 1695 887 1799 spe
917 1676 1101 1796 plerique
1133 1711 1437 1796 praeceperant,

135 1798 144 1806 ’
211 1811 497 1886 ”-’-···1ιόο
517 1833 647 1904 cuno,
667 1813 975 1918 recrementa,
999 1841 1078 1917 quo
1109 1814 1241 1892 Caesar
1263 1838 1436 1890 conven-

116 1999 123 2012 ,
239 1909 342 1980 ¹5¹⁰·
417 1943 502 2006 tum
535 1933 755 2033 Augustam
784 1934 1016 2034 indixerat,
1044 1935 1195 2013 fructus
1221 1961 1271 2014 ex
1299 1939 1436 2014 came-

416 2049 571 2126 racensi
598 2049 752 2130 foedere
773 2055 1040 2152 consequutus
1063 2052 1118 2131 lit
1168 2054 1337 2129 Miserat
1362 2054 1438 2152 qui·

418 2174 511 2250 dem
541 2167 635 2250 Rex
660 2172 749 2250 suos
776 2200 939 2277 quoque
969 2191 1151 2252 oratores
1182 2176 1234 2250 ad
1262 2177 1437 2256 Conven-

316 2383 319 2390 Ι
416 2305 502 2374 tum
524 2293 819 2403 Augustarum,
840 2298 1003 2399 ipseque
1028 2298 1175 2380 alium,
1196 2295 1266 2404 spe
1288 2293 1438 2368 subfidii

415 2413 458 2488 in
485 2407 636 2490 bellum
656 2416 859 2492 Venatum
880 2408 1111 2506 obtinendi,
1133 2397 1246 2492 Cutrc
1276 2391 1439 2509 habuit,

379 2521 492 2615 ted
507 2557 595 2611 cum
626 2504 678 2615 ol)
699 2540 960 2614 Picardorum
986 2538 1147 2614 dissidia
1179 2533 1324 2613 nihil
1304 2556 1441 2633 ··trnpe

416 2650 516 2729 trari
536 2651 677 2755 posset,
698 2658 864 2733 condito
904 2656 1158 2747 tetamento,
1180 2679 1260 2753 quo
1280 2654 1442 2728 Annam

414 2768 565 2860 filiam,
592 2772 619 2846 sr
643 2774 877 2851 Ludovicuc
894 2775 1082 2877 improlis
1110 2772 1351 2861 decederet,
1369 2776 1443 2845 tra·

115 2955 124 2971 ,
204 2952 402 3015 ...-
416 2892 556 2965 rodem
577 2894 1036 2995 regnorumscripserat,
1066 2891 1285 2991 Crernsrum
1305 2888 1441 2965 disces·

97 3016 100 3023 ’
200 3014 400 3057 ''ff-‘⁸'
416 3006 480 3096 fit,
507 3010 681 3113 indeque
703 3016 868 3091 incunte
896 3012 978 3114 poll
998 3037 1104 3089 anno
1130 3009 1440 3086 Wr'alislaviam

268 3092 283 3142 ¹
345 3096 376 3146 ¹⁰
415 3130 645 3214 divertens,
668 3152 761 3203 cum
779 3133 884 3204 inter
913 3128 1152 3232 ilungaros,
1180 3128 1217 3205 dr
1239 3126 1446 3204 Bohemor

414 3250 653 3348 disceptatio
676 3251 834 3353 dejure
851 3254 892 3325 in
911 3250 1116 3340 Silesram,
1144 3251 1184 3327 dr
1209 3250 1463 3331 Moraviam,

411 3366 594 3445 suscitata
621 3366 767 3453 suisset,
791 3369 879 3480 lrac,
908 3394 960 3448 ue
983 3373 1164 3468 utrinque
1197 3366 1443 3462 offenderet,

172 3491 176 3502 '
312 3510 336 3555 f
414 3490 458 3562 in
492 3485 603 3561 aliud
629 3502 790 3587 ternpus
820 3488 968 3578 dilata,
997 3490 1038 3562 in
1061 3484 1334 3587 Hungariam,
1356 3484 1440 3586 poll
1479 3539 1484 3574 ,

414 3603 588 3681 duorum
613 3601 700 3679 sere
720 3628 916 3679 annorum
934 3602 1173 3695 absentiam,
1185 3597 1363 3679 reversus
1375 3600 1439 3676 est

327 3786 333 3795 .
413 3723 530 3801 Hanc
554 3738 749 3820 utcunque
771 3739 986 3823 pacatam,
1007 3722 1335 3807 sadMoldaviam
1358 3744 1437 3795 rur·

266 3853 269 3857 ’
412 3840 478 3919 suc
501 3842 681 3941 periculo
713 3831 916 3940 objectam
942 3844 1126 3941 reperit‘
1153 3839 1331 3914 Selimua
1362 3838 1440 3913 Ba·
1472 3930 1478 3937 .

408 3959 560 4062 jaceris
598 3957 734 4057 lilius,
770 3956 888 4033 Colla
922 3961 962 4031 in
994 3957 1173 4050 Taurica
1191 3953 1440 4038 ¹Chersoneso

193 4128 199 4142 -
287 4165 296 4175 .
412 4088 644 4183 occupata,
679 4068 818 4172 Kiliae',
847 4074 885 4152 dr
910 4075 1177 4179 Bielogrado,
1218 4074 1328 4173 quod
1350 4071 1441 4164 litu,

127 4203 137 4211 ’
410 4194 471 4273 cd
491 4194 613 4270 illam
631 4196 911 4284 retinendam,
938 4208 1186 4300 opportuna.
1200 4192 1342 4316 essent,
1373 4192 1443 4264 mi·

651 4372 657 4377 -
935 4356 939 4364 ’
1058 4338 1071 4377 -'
1214 4331 1219 4337 “
1321 4334 1393 4387 na·
1427 4376 1431 4381 .
