3142 5075
471 405 551 490 ιιι
615 339 1156 510 ⁸cononicus
1206 400 1258 485 ιι

193 589 409 668 9-9-
430 607 617 698 (luctum,
640 605 816 700 navique
837 596 1079 700 impositum,
1101 599 1265 678 Bursam
1280 602 1448 680 recluw

281 729 387 804 1525·
428 755 485 808 re.
535 725 697 803 Abhinc
726 720 888 797 aestuare
917 722 1065 806 animi.
1088 721 1190 794 nihil
1220 721 1309 798 sieri
1335 736 1446 797 certo

428 843 615 934 confilio,
648 841 710 931 &,
736 852 777 912 ut
809 839 972 914 evenire
1003 837 1130 936 solet,
1154 863 1245 916 cum
1268 841 1446 950 impetus

389 1003 394 1010 ,
427 967 627 1042 rationem
653 960 887 1058 praevertit,
917 955 1135 1032 secessione
1154 956 1295 1058 sacta,
1308 958 1449 1033 alium

408 1061 412 1070 ’
429 1082 698 1163 Conventum‚
713 1073 765 1149 ad
783 1075 892 1149 diem
902 1072 1170 1156 XXIV-lunii
1183 1078 1447 1153 Hatvminum

296 1271 299 1278 ,
426 1199 631 1287 indixere,
657 1197 776 1286 viris,
801 1195 967 1289 quinon
1000 1190 1122 1270 essent
1140 1194 1339 1288 adfuturi,
1361 1216 1449 1292 poe

349 1377 354 1382 .
426 1341 523 1392 nam
552 1317 720 1416 capitis,
757 1311 797 1388 sit
828 1314 1027 1388 bonorum
1058 1292 1344 1423 amissionem,
1384 1337 1449 1386 eo·

425 1459 514 1510 rum
532 1460 632 1510 vero
644 1427 849 1520 uxoribus,
863 1431 972 1534 siliis,
982 1428 1021 1508 δι
1034 1431 1192 1507 filiabus
1207 1439 1449 1530 perpetuam

429 1551 728 1656 ignobilitatem
749 1553 995 1632 comminati
1018 1556 1115 1628 llaec
1136 1577 1160 1627 a
1183 1545 1371 1643 Hirtii,
1396 1548 1447 1621 ad

430 1668 656 1748 vicefimam
675 1650 890 1744 secundam
916 1681 1007 1742 acta
1033 1667 1160 1742 suere.

521 1789 611 1872 vn.
640 1789 808 1888 Dilapsa
826 1771 1077 1879 Nobilitate,
1101 1786 1272 1860 arduum
1303 1784 1451 1856 eratin

424 1935 469 1988 re
490 1909 654 2007 ancipiti
674 1899 903 2001 consilium,
927 1909 1036 2008 quod
1062 1903 1450 2007 pars'Praelatorum

427 2055 452 2104 a
471 2013 751 2128 Magnetibus,
775 2024 878 2101 &hi
900 2052 924 2100 a
946 2025 1169 2102 Nobilitate
1193 2021 1454 2122 dissentirent,

425 2171 500 2222 nec
530 2133 756 2222 lraec'inter
792 2143 831 2220 se
865 2147 1027 2246 penitus
1060 2146 1312 2221 consentiens·
1341 2142 1454 2222 esset.

425 2263 578 2357 Fuere,
606 2269 670 2363 qui
696 2250 910 2366 Zapolyae
926 2266 1149 2364 poteritiam
1187 2267 1332 2356 veriti,
1356 2289 1452 2340 eum

421 2379 564 2458 officio
615 2388 860 2486 Voyoodotur
894 2381 1207 2468 Transsilvaniae
1244 2385 1454 2483 privatum

427 2501 671 2603 cupiebant,
696 2503 763 2578 ille
787 2516 929 2577 contra
959 2497 1188 2579 Palatinum
1212 2503 1343 2610 gradu
1365 2528 1454 2577 mo·

316 2611 324 2621 ’
427 2644 549 2711 vere,
583 2626 701 2719 eique
747 2624 1001 2698 Werboczium
1040 2618 1302 2735 substituere,
1334 2625 1458 2723 cujus

428 2761 555 2839 opera
596 2736 756 2814 facilius
797 2740 1048 2815 dominatum
1093 2728 1273 2841 arripere
1311 2742 1456 2840 possit.

428 2854 530 2933 Hinc
570 2872 734 2952 uterque
762 2861 972 2933 contrariis
1004 2856 1136 2933 studiis
1164 2860 1270 2961 agi,
1301 2882 1458 2957 parare

428 2973 707 3075 largitionibus
736 2976 931 3076 clientes,
966 2964 1380 3076 prensare'Nobiles,
1417 2972 1458 3049 δι

427 3092 469 3167 in
490 3092 730 3166 consortium
758 3092 982 3189 Praelatos,
1009 3091 1047 3169 δι
1061 3092 1289 3198 Magnetes
1320 3116 1463 3169 conci*

427 3234 486 3286 re.
538 3206 627 3285 Nec
651 3210 959 3313 strigoniensis,
965 3214 1131 3285 cuicum
1157 3208 1339 3313 Agriensi
1359 3211 1462 3310 Epi

430 3330 552 3425 scopo
566 3325 736 3400 simultas
749 3327 1034 3420 intercesserat,
1058 3325 1183 3427 culpa
1202 3324 1362 3400 vacasse
1376 3352 1466 3403 cre

432 3442 626 3532 debatur,
663 3466 783 3542 quem
820 3428 989 3519 dissoluti
1017 3467 1105 3518 cum
1135 3440 1249 3517 tanto
1280 3447 1458 3519 tumultu

357 3614 359 3618 -
427 3575 653 3637 'conventus
684 3582 890 3637 auctorem
922 3561 1109 3664 plerique
1143 3560 1387 3657 habebant,
1423 3561 1460 3638 δι

433 3680 696 3758 contumelias
733 3685 845 3783 prius
874 3684 915 3756 in
956 3685 1074 3758 illum
1101 3676 1296 3774 jactatas,
1331 3680 1464 3761 solum

416 3798 632 3907 ⁴stmulatas
652 3798 773 3876 luisse.
823 3800 915 3877 Rex
931 3798 1251 3902 inopsconsrlss'
1237 3825 1320 3897 Jam
1341 3805 1460 3892 trane,

433 3918 516 4017 jam
537 3896 664 3991 illam
670 3933 829 4016 partem
854 3920 1164 4020 amplectivisus
1198 3916 1262 4009 ess,
1289 3942 1370 3992 nec
1390 3944 1459 4017 pa·

311 4019 318 4052 k
436 4036 625 4109 latinales
657 4034 748 4109 satis
781 4040 996 4138 expeditas
1033 4043 1212 4113 rationes
1229 4034 1468 4124 iubebant,

438 4151 830 4253 usucapiuntur,
857 4160 924 4257 qui
950 4160 1075 4260 regis,
1100 4158 1291 4281 regnique
1319 4156 1461 4232 sortem

1279 4274 1415 4353 mise·
